@article{Bib01,
    author   = "KUKA ROBOTER GMBH",
    title    = "Manual de Usuario - KUKA KR 1000 TITAN",
    pages    = "0-4",
    year     = "2018"
}

@book{Bib02,
    author   = "KUKA ROBOTER GMBH",
    title    = "Expert Documentation - KUKA Motor Data",
    pages    = "7-69",
    year     = "2010"
}

@book{Bib06,
    author   = "HAL - Archives ouvertes",
    title    = "Joint Stiffness Identification of Industrial Serial Robots",
    url = "https://hal.archives-ouvertes.fr/hal-00633095"
}

@online{Bib04,
    author    = "Dzmitry Tsetserukou",
    title     = "Vibration damping control of robot arm intended for service application in human environment",
    year     = "2009",
    url = "https://www.researchgate.net/publication/224373517_Vibration_damping_control_of_robot_arm_intended_for_service_application_in_human_environment"
}
@thesis{Bib03,
    author    = "Daniel J. Inman",
    title     = " Engineering Vibration, U4 Multiple Degree of freedom Systems- U4.3 Modal An√°lisis"
}
